<?xml version="1.0" encoding="UTF-8"?><record xmlns="http://www.loc.gov/MARC21/slim" xmlns:cinclude="http://apache.org/cocoon/include/1.0" xmlns:zs="http://www.loc.gov/zing/srw/">
  <leader>00701nz  a2200193n  4500</leader>
  <controlfield tag="001">no2015112751</controlfield>
  <controlfield tag="003">DLC</controlfield>
  <controlfield tag="005">20150826073543.0</controlfield>
  <controlfield tag="008">150825n| azannaabn          |b aaa     c</controlfield>
  <datafield tag="010" ind1=" " ind2=" ">
    <subfield code="a">no2015112751</subfield>
  </datafield>
  <datafield tag="035" ind1=" " ind2=" ">
    <subfield code="a">(OCoLC)oca10252503</subfield>
  </datafield>
  <datafield tag="040" ind1=" " ind2=" ">
    <subfield code="a">CtY-N</subfield>
    <subfield code="b">eng</subfield>
    <subfield code="e">rda</subfield>
    <subfield code="c">CtY-N</subfield>
  </datafield>
  <datafield tag="100" ind1="1" ind2=" ">
    <subfield code="a">Saʻīdah, ʻUmar Ḥāfiẓ Salīm</subfield>
  </datafield>
  <datafield tag="375" ind1=" " ind2=" ">
    <subfield code="a">male</subfield>
  </datafield>
  <datafield tag="377" ind1=" " ind2=" ">
    <subfield code="a">ara</subfield>
  </datafield>
  <datafield tag="400" ind1="1" ind2=" ">
    <subfield code="a">Suʻaydah, ʻUmar Ḥāfiẓ Salīm</subfield>
  </datafield>
  <datafield tag="400" ind1="1" ind2=" ">
    <subfield code="a">سعيدة، عمر حافظ سليم</subfield>
  </datafield>
  <datafield tag="667" ind1=" " ind2=" ">
    <subfield code="a">Non-Latin script reference not evaluated.</subfield>
  </datafield>
  <datafield tag="670" ind1=" " ind2=" ">
    <subfield code="a">Ismāʻīl, Muḥammad Maḥmūd. Nisāʼ mubashsharāt bi-al-Jannah, 2005:</subfield>
    <subfield code="b">title page (عمر حافظ سليم سعيدة = ʻUmar Ḥāfiẓ Salīm Saʻīdah)</subfield>
  </datafield>
</record>